@article{o2001grammatical,
  title={Grammatical evolution},
  author={O'Neill, Michael and Ryan, Conor},
  journal={Evolutionary Computation, IEEE Transactions on},
  volume={5},
  number={4},
  pages={349--358},
  year={2001},
  publisher={IEEE}
}
@incollection{galvan2010evolving,
  title={Evolving a ms. pacman controller using grammatical evolution},
  author={Galv{\'a}n-L{\'o}pez, Edgar and Swafford, John Mark and Oâ€™Neill, Michael and Brabazon, Anthony},
  booktitle={Applications of Evolutionary Computation},
  pages={161--170},
  year={2010},
  publisher={Springer}
}
@inproceedings{shaker2012evolving,
  title={Evolving levels for Super Mario Bros using grammatical evolution},
  author={Shaker, Noor and Nicolau, Miguel and Yannakakis, Georgios N and Togelius, Julian and O'Neill, Michael},
  booktitle={Computational Intelligence and Games (CIG), 2012 IEEE Conference on},
  pages={304--311},
  year={2012},
  organization={IEEE}
}
